@article{o2009wave,
	title={Wave-based control of non-linear flexible mechanical systems},
	author={Oâ€™Connor, William J and de la Flor, Francisco Ramos and McKeown, David J and Feliu, Vicente},
	journal={Nonlinear Dynamics},
	volume={57},
	number={1-2},
	pages={113--123},
	year={2009},
	publisher={Springer}
}

@article{monje2007tip,
	title={Tip position control of a lightweight flexible manipulator using a fractional order controller},
	author={Monje, CA and Ramos, F and Feliu, V and Vinagre, BM},
	journal={IET Control Theory and Applications},
	volume={1},
	number={5},
	pages={1451--1460},
	year={2007},
	publisher={Stevenage, UK: Institution of Engineering and Technology, c2007-}
}