@book{merlet2001parallel,
  title={Parallel robots},
  author={Merlet, J-P},
  volume={74},
  year={2001},
  publisher={Springer Science \& Business Media}
}
