@misc{ezrobot,
	author = {{{EZ-Robot Inc}}.},
	title = {EZ-Robot teaches everyone how to build a robot.},
	howpublished = "\url{https://www.ez-robot.com/default.aspx}",
	note = "[Online; Accessed: 2016-06-28]"
}

